@inproceedings{Johnson:1991:TSA:949607.949654,
 author = {Johnson, Brian and Shneiderman, Ben},
 title = {Tree-Maps: A Space-filling Approach to the Visualization of Hierarchical Information Structures},
 booktitle = {Proceedings of the 2nd Conference on Visualization '91},
 series = {VIS '91},
 year = {1991},
 isbn = {0-8186-2245-8},
 location = {San Diego, California},
 pages = {284--291},
 numpages = {8},
 url = {http://dl.acm.org/citation.cfm?id=949607.949654},
 acmid = {949654},
 publisher = {IEEE Computer Society Press},
 xx_address = {Los Alamitos, CA, USA},
} 

@inproceedings{Lamping:1995:FTB:223904.223956,
 author = {Lamping, John and Rao, Ramana and Pirolli, Peter},
 title = {A Focus+Context Technique Based on Hyperbolic Geometry for Visualizing Large Hierarchies},
 booktitle = {Proceedings of the SIGCHI Conference on Human Factors in Computing Systems},
 series = {CHI '95},
 year = {1995},
 isbn = {0-201-84705-1},
 location = {Denver, Colorado, USA},
 pages = {401--408},
 numpages = {8},
 url = {http://dx.doi.org/10.1145/223904.223956},
 doi = {10.1145/223904.223956},
 acmid = {223956},
 publisher = {ACM Press/Addison-Wesley Publishing Co.},
 xx_address = {New York, NY, USA},
} 

@inproceedings{Stasko:2000:FDN:857190.857683,
 author = {Stasko, John and Zhang, Eugene},
 title = {Focus+Context Display and Navigation Techniques for Enhancing Radial, Space-Filling Hierarchy Visualizations},
 booktitle = {Proceedings of the IEEE Symposium on Information Vizualization 2000},
 series = {INFOVIS '00},
 year = {2000},
 isbn = {0-7695-0804-9},
 pages = {57--65},
 url = {http://dl.acm.org/citation.cfm?id=857190.857683},
 acmid = {857683},
 publisher = {IEEE Computer Society},
 xx_address = {Washington, DC, USA},
 keywords = {circular/radial displays, focus+context, overview and detail, animation, hierarchy visualizations, information visualization},
} 

@inproceedings{Masui:1998:LVB:647341.721215,
 author = {Masui, Toshiyuki},
 title = {LensBar - Visualization for Browsing and Filtering Large Lists of Data},
 booktitle = {Proceedings of the 1998 IEEE Symposium on Information Visualization},
 series = {INFOVIS '98},
 year = {1998},
 isbn = {0-8186-9093-3},
 location = {North Carolina},
 pages = {113--120},
 numpages = {8},
 url = {http://dl.acm.org/citation.cfm?id=647341.721215},
 acmid = {721215},
 publisher = {IEEE Computer Society},
 xx_address = {Washington, DC, USA},
} 

@inproceedings{Perlin:1993:PAA:166117.166125,
 author = {Perlin, Ken and Fox, David},
 title = {Pad: An Alternative Approach to the Computer Interface},
 booktitle = {Proceedings of the 20th Annual Conference on Computer Graphics and Interactive Techniques},
 series = {SIGGRAPH '93},
 year = {1993},
 isbn = {0-89791-601-8},
 location = {Anaheim, CA},
 pages = {57--64},
 numpages = {8},
 url = {http://doi.acm.org/10.1145/166117.166125},
 doi = {10.1145/166117.166125},
 acmid = {166125},
 publisher = {ACM},
 xx_address = {New York, NY, USA},
} 

@inproceedings{Bederson:1994:PZG:192426.192435,
 author = {Bederson, Benjamin B. and Hollan, James D.},
 title = {Pad++: A Zooming Graphical Interface for Exploring Alternate Interface Physics},
 booktitle = {Proceedings of the 7th Annual ACM Symposium on User Interface Software and Technology},
 series = {UIST '94},
 year = {1994},
 isbn = {0-89791-657-3},
 location = {Marina del Rey, California, USA},
 pages = {17--26},
 numpages = {10},
 url = {http://doi.acm.org/10.1145/192426.192435},
 doi = {10.1145/192426.192435},
 acmid = {192435},
 publisher = {ACM},
 xx_address = {New York, NY, USA},
 keywords = {authoring, hypertext, information navigation, information physics, information visualization, interactive user interfaces, multiscale interfaces, zooming interfaces},
} 

